@article{ameloot2013relational,
  title={Relational transducers for declarative networking},
  author={Ameloot, Tom J and Neven, Frank and Van den Bussche, Jan},
  journal={Journal of the ACM (JACM)},
  volume={60},
  number={2},
  pages={15},
  year={2013},
  publisher={ACM}
}

@incollection{marczak2012confluence,
  title={Confluence analysis for distributed programs: A model-theoretic approach},
  author={Marczak, William R and Alvaro, Peter and Conway, Neil and Hellerstein, Joseph M and Maier, David},
  booktitle={Datalog in Academia and Industry},
  pages={135--147},
  year={2012},
  publisher={Springer}
}

@inproceedings{ameloot2014weaker,
  title={Weaker forms of monotonicity for declarative networking: a more fine-grained answer to the CALM-conjecture},
  author={Ameloot, Tom J and Ketsman, Bas and Neven, Frank and Zinn, Daniel},
  booktitle={Proceedings of the 33rd ACM SIGMOD-SIGACT-SIGART symposium on Principles of database systems},
  pages={64--75},
  year={2014},
  organization={ACM}
}


@article{conway2014edelweiss,
  title={Edelweiss: Automatic storage reclamation for distributed programming},
  author={Conway, Neil and Alvaro, Peter and Andrews, Emily and Hellerstein, Joseph M},
  journal={Proceedings of the VLDB Endowment},
  volume={7},
  number={6},
  pages={481--492},
  year={2014},
  publisher={VLDB Endowment}
}

@inproceedings{conway2012logic,
  title={Logic and lattices for distributed programming},
  author={Conway, Neil and Marczak, William R and Alvaro, Peter and Hellerstein, Joseph M and Maier, David},
  booktitle={Proceedings of the Third ACM Symposium on Cloud Computing},
  pages={1},
  year={2012},
  organization={ACM}
}

@inproceedings{alvaro2011consistency,
  title={Consistency Analysis in Bloom: a CALM and Collected Approach.},
  author={Alvaro, Peter and Conway, Neil and Hellerstein, Joseph M and Marczak, William R},
  booktitle={CIDR},
  pages={249--260},
  year={2011}
}

@article{hellerstein2010declarative,
  title={The declarative imperative: experiences and conjectures in distributed logic},
  author={Hellerstein, Joseph M},
  journal={ACM SIGMOD Record},
  volume={39},
  number={1},
  pages={5--19},
  year={2010},
  publisher={ACM}
}
